@article{kaiser1974,
author = {Henry F. Kaiser and John Rice},
year = {1974},
title = {Little Jiffy, Mark IV},
pages = {111-117},
booktitle = {Educational and Psychological Measurement},
}

@article{andreoli1994,
author = {Sérgio Baxter et al Andreoli},
year = {1994},
title = {Estrutura fatorial do questionário de morbidade psiquátrica de adultos aplicado em amostras populacionais de cidades brasileiras},
version = {28},
number = {4},
url = {https://scielosp.org/scielo.php?script=sci_arttext&pid=S0034-89101994000400003&lng=en&nrm=iso},
}

@article{almeida2007,
author = {Janaína Braga D'Almeida },
year = {2007},
title = {A influência dos relacionamentos de confiança no desempenho de líderes e equipes: um estudo de caso}
}

@article{chaffey2002,
author = {Chaffey, D. and Williams Edgar, M. },
year = {2002},
title = {Meauring online service quality}
}

@article{gefen2002,
author = {David Gefen},
year = {2002},
title = {“Customer loyalty in e-commerce},
booktitle = {Journal of the Association for Information Systems},
volume = {3},
pages = {27-51},
}

@article{parasuraman2002,
author = {Zeithaml, Valarie and Parasuraman, A Parsu and Malhotra, Arvind Malhotra},
year = {2002},
volume = {30},
title = {Service Quality Delivery Through Web Sites: A Critical Review of Extant Knowledge },
booktitle = {Journal of the Academy of Marketing Science.}
}

@article{rust2014,
author = {Roland T. Rust and Katherine N. Lemon},
month = {12},
year = {2014},
pages = {85-101},
title = {E-Service and the Consumer},
booktitle = {International Journal of Electronic Commerce}
}

@article{zhang2005,
author = {Xiaoni Zhang and Victor R. Prybutok},
month = {11},
year = {2005},
pages = {461-477},
title = {A Consumer Perspective of E-Service Quality },
volume = {52},
number = {4},
booktitle = {IEEE TRANSACTIONS ON ENGINEERING MANAGEMENT}
}

@article{lee2005,
author = {Gwo-GuangLee and Hsiu-Fen Lin},
year = {2005},
pages = {161-176},
title = {Customer perceptions of e-service quality in online shopping},
booktitle = {International Journal of Retail & Distribution Management}
}

@article{iso25022,
author = {ABNT},
year = {2012},
pages = {20},
title = {SQUARE - Measurement of Quality in Use},
volume = {33},
number = {2},
booktitle = {NBR ISO/IEC 25022}
}

@article{santos2003,
author = {Santos, Jessica},
year = {2003},
pages = {233-246},
title = {E-service quality: a model of virtual service quality dimensions},
volume = {13},
booktitle = {Managing Service Quality}
}

@article{rowley2006,
author = {Rowley, Jennifer},
year = {2006},
month = {05},
pages = {},
title = {An analysis of the e-service literature: Towards a research agenda},
volume = {16}
}

@article{parasuraman2000,
author = {Zeithaml, Valarie and Parasuraman, A Parsu and Malhotra, Arvind},
year = {2000},
month = {01},
pages = {},
title = {A Conceptual Framework for Understanding E-Service Quality: Implications for Future Research and Managerial Practice},
booktitle = {Marketing Science Institute Working Paper Report No}
}

@article{buckley2003,
author = {Joan Buckley},
year = {2003},
pages = {453-462},
title = {E-service quality and the public sector},
booktitle = {Managing Service Quality},
volume = {13},
number = {6},
doi = {10.1108/09604520310506513},
url = {https://dx.doi.org/10.1002/9781405186407.wbiecd039}
}

@book{diniz2010,
  title={Interação Humando-Computador},
  author={Simone Diniz Junqueiro Barbosa and Bruno Santana da Silva},
  edition={1},
  year={2010},
  publisher={Editora Campus}
}

@book{preece2005,
  title={Design de Interação: Além da interação homem-computador},
  author={Jennifer Preece and Yvonne Rogers and Helen Sharp},
  edition={1},
  year={2005},
  publisher={Editora Erica}
}

@book{feldman1997,
  title={Introduction to Digital Media},
  author={Tony Feldman},
  isbn={0-203-39840-80},
  year={1997},
  pages = {195},
  publisher={Routledge}
}

@book{vandijk2006,
  title={The Network Society: Social Aspects of New Media},
  author={Jan A.G.M. van Dijk},
  isbn={1-4129-0867-1},
  year={2006},
  pages = {292},
  edition = {2},
  publisher={SAGE Publications}
}

@article{storsul2010,
author = {Tanja Storsul and Anders Fagerjord},
year = {2010},
pages = {5},
title = {Digitization and Media Convergence},
booktitle = {The International Encyclopedia of Communication},
volume = {1},
doi = {10.1002/9781405186407.wbiecd039},
url = {https://dx.doi.org/10.1002/9781405186407.wbiecd039}
}

@article{iso9126,
author = {ABNT},
year = {2003},
pages = {20},
title = {Engenharia de software - Qualidade de produto},
booktitle = {NBR ISO/IEC 9126-1},
}

@book{castells2010,
  title={The Rise of the Network Society},
  author={Manuel Castells},
  isbn={978-1-4051-9686-4},
  year={2010},
  pages = {597},
  volume = {2},
  publisher={Blackwell Publishing Ltd}
}

@article{manoff2006,
author = {Marlene Manoff},
year = {2006},
pages = {311-325},
title = {The Materiality of Digital Collections: Theoretical and Historical Perspectives},
booktitle = {Social Science Module},
volume = {6},
number = {3},
url = {http://www.jstor.org/stable/1251430},
publisher = {Portal : Libraries and the Academy}
}

@article{parasuraman1985,
author = {A Parsu Parasuraman and Leonard L Berry and Valarie A. Zeithaml},
year = {1985},
pages = {41-50},
title = {A Conceptual Model of Service Quality and Its Implications for Future Research},
booktitle = {Journal of Marketing},
volume = {49},
number = {4},
url = {http://www.jstor.org/stable/1251430},
publisher = {American Marketing Association}
}

@article{parasuraman1988,
author = {A Parsu Parasuraman and Leonard L Berry and Valarie A. Zeithaml},
year = {1988},
pages = {12-40},
title = {A Multiple-Item Scale for Measuring Consumer Perceptions of Service Quality},
booktitle = {Journal of Retailing},
volume = {64},
number = {1},
publisher = {American Marketing Association}
}

@article{parasuraman1991,
author = {A Parsu Parasuraman and Leonard L Berry and Valarie A. Zeithaml},
year = {1991},
pages = {39–48},
title = {Understanding Customer Expectations of Service},
booktitle = {Sloan Management Review}
}

@article{bouranta2009,
author = {Nancy Bouranta and Leonidas Chitiris and John Paravantis},
year = {2009},
pages = {275-293},
title = {The relationship between internal and external service quality},
}

@book{paladini1995,
  title={Gest{\~a}o da qualidade no processo: a qualidade na produ{\c{c}}{\~a}o de bens e servi{\c{c}}os},
  author={Paladini, E.P.},
  isbn={9788522412051},
  url={https://books.google.com.br/books?id=EAb7ewEACAAJ},
  year={1995},
  publisher={Atlas}
}

@article{zeithaml1981,
author = {Valarie A. Zeithaml},
year = {1981},
pages = {5},
title = {How consumer evaluation processes differ between goods and services}
}

@book{gianesi1994,
  title={Administração estratégica de serviços: operações para a satisfação do cliente},
  author={Gianesi, I.G.N. and Correa, H.L.},
  isbn={9788522411528},
  url={https://books.google.com.br/books?id=BzCFPgAACAAJ},
  year={1994},
  publisher={Ed. Atlas}
}

@article{garvin1984,
author = {David A. Garvin},
year = {1984},
pages = {25-41},
title = {What does product quality really means},
booktitle = {Sloan Management Review}
}

@book{parry2011,
  title={Service design and delivery},
  author={Glenn Parry and Linda Newnes and Xiaoxi Huang},
  isbn={9781441983206},
  year={2011},
  pages = {170},
  publisher={Hardcover}
}

@article{gronroos1993,
author = {Christian Grönroos},
year = {1993},
pages = {337},
volume = {13},
title = {Marketing: Gerenciamento e Serviços: A competição por serviços na hora da verdade}
}

@article{santos2007,
author = {Rodrigo Pinheiro dos Santos},
year = {2007},
pages = {166},
title = {Construção e validação de um instrumento para a análise da qualidade de serviço de empresas avaliadas no CMM/CMMI}
}

@article{oecd2014,
author = {Public Governance Committee},
year = {2014},
month = {06},
pages = {02-04},
title = {Recommendation of the Council on Digital Government Strategies}
}

@article{steven2015,
author = {Steven R. Steinhubl and Eric J. Topol},
year = {2015},
volume = {66},
pages = {01},
title = {Moving From Digitalization to Digitization
in Cardiovascular Care}
}

@article{mckinsey2016,
author = {Bjarne Corydon and Vidhya Ganesan and Martin Lundqvist},
year = {2016},
month = {11},
pages = {03-07},
title = {Digital by default: A guide to transforming government}
}

@article{cronintaylor1992,
author = {J. Joseph Cronin and Steven A. Taylor},
year = {1992},
month = {07},
volume = {56},
number = {3},
pages = {55-68},
title = {Measuring Service Quality: A Reexamination and Extension}
}

@article{itac2016,
author = {INFORMATION TECHNOLOGY ASSOCIATION OF CANADA},
year = {2016},
month = {10},
day = {26},
pages = {01-07},
title = {ITAC on Digital Government}
}

@article{slack2002,
author = {Nigel Slack and Stuart Chambers and Robert Johnston},
year = {2002},
pages = {549},
title = {Administração da produção}
}

@manual{inmetro2003,
	Author = {INMETRO},
	Title = {Vocabulário internacional de termos fundamentais e gerais de
	metrologia},
	Year = {2013},
	Address = {Rio de Janeiro, Brasil},
	Pages = {75},
	isbn = {85-87090-90-9}
}

@inproceedings{soviero1997,
	Author = {P. A. O. Soviero and L. G. M. Lavagna},
	Title = {A Numerical Model for Thin Airfoils in Unsteady Motion},
	Year = {1997},
	Pages = {332-340},
	Volume = {19},
	Number = {3},
	Booktitle = {Journal of the Brazilian Societyt Mechanical Sciences}
}

@inproceedings{sparrow1980,
	Author = {E. M. Sparrow},
	Title = {Forced Convection Heat Transfer in a Duct Having Spanwise-Periodic
	Rectangular Protuberances},
	Year = {1980},
	Pages = {149-167},
	Volume = {3},
	Booktitle = {Numerical Heat Transfer}
}

@article{clark1986,
	Author = {J. A. Clark},
	Title = {Private Communication},
	Year = {1986},
	Address = {University of Michigan}
}

@article{arruda2007,
	Author = {M. B. B. Arruda},
	Title = {Como fazer referências: bibliográficas, eletrônicas e demais
	formas de documentos},
	Year = {2007},
	Url = {http://bu.ufsc.br/framerefer.html}
}

@article{coimbra1978,
	Author = {A. L. Coimbra},
	Title = {Lessons of Continuum Mechanics},
	Year = {1978},
	Address = {São Paulo, Brazil},
	Pages = {428},
	Editor = {Edgard Blücher}
}

@inproceedings{bordalo1989,
	Author = {S. N. Bordalo and J. H. Ferziger and S. J. Kline},
	Title = {The Development of Zonal Models for Turbulence},
	Year = {1989},
	Pages = {41-44},
	Booktitle = {Proceedings of the 10th Brazilian Congress of Mechanical
	Engineering}, 
	Volume = {1}	
}

@manual{NBR14724:2011,
	Address = {Rio de Janeiro},
	Date-Added = {2012-12-15 20:34:08 +0000},
	Date-Modified = {2012-12-15 20:35:25 +0000},
	Month = mar,
	Org-Short = {ABNT},
	Organization = {Associa{\c c}\~ao Brasileira de Normas T\'ecnicas},
	Pages = 15,
	Subtitle = {Informa{\c c}\~ao e documenta{\c c}\~ao --- trabalhos acad\^emicos --- apresenta{\c c}\~ao},
	Title = {{NBR} 14724},
	Year = 2011
}

@manual{NBR6034:2000,
	Address = {Rio de Janeiro},
	Org-Short = {ABNT},
	Organization = {Associa{\c c}\~ao Brasileira de Normas T\'ecnicas},
	Subtitle = {Informa{\c c}\~ao e documenta{\c c}\~ao --- Referências},
	Title = {{NBR} 14724},
	Year = 2000
}

@article{chen2009,
author = {Jie Chen},
year = {2009},
pages = {380-383},
title = {Qualitative Evaluation of E-Government Service based on participatory Index and Balanced Scorecard Approach},
booktitle = {International Conference on Information management},
}

@article{larsen2005,
author = {Bettina Larsen and Michael Milakovich},
year = {2005},
pages = {57-68},
title = {Citizen Relationship Management and E-Government},
booktitle = {Lecture Notes in Computer Science},
volume = {3591},
publisher = {Springer},
}

@article{act2002,
author = {United States’ House of Representatives},
year = {2002},
title = {The E-Government Act of 2002},
url = {https://www.gpo.gov/fdsys/pkg/PLAW-107publ347/pdf/PLAW-107publ347.pdf},
publisher = {Washington D.C.},
}